@misc{web:test,
    author={},
    title={{}},
    howpublished={\url{}},
    note={[Accessed: DAY MONTH 2017]}
}
@book{c:programming:language,
  title={The C Programming Language},
  author={Kernighan, B.W. and Ritchie, D.M.},
  isbn={9780131103702},
  lccn={77028983},
  series={Prentice-Hall software series},
  year={1988},
  publisher={Prentice Hall}
}
@book{nolan2012decompiling,
    title={Decompiling Android},
    author={Nolan, G.},
    isbn={9781430242499},
    lccn={2012471704},
    series={SpringerLink : B{\"u}cher},
    url={https://books.google.se/books?id=WAaJEN4ZI-QC},
    year={2012},
    publisher={Apress}
}
@misc{android:dalvik,
    author={Google},
    title={{Android 5.0 Behavior Changes -- Android Runtime (ART)}},
    howpublished={\url{https://developer.android.com/about/versions/android-5.0-changes.html}},
    note={[Accessed: 24 January 2017]}
}
@misc{android:dalvik:release,
    author={Google},
    title={{android-5.0.0\_r1 - platform/build - Git at Google}},
    howpublished={\url{https://android.googlesource.com/platform/build/+/android-5.0.0\_r2}},
    note={[Accessed: 24 January 2017]}
}
